@misc{David_Silver:intro_RL,
  author = {David Silver},
  title = {Intruduction to Reinforcement Learning},
  howpublished = "\url{http://101.96.8.165/www0.cs.ucl.ac.uk/staff/d.silver/web/Teaching_files/intro_RL.pdf}",
  year = {2015}, 
  note = ""
}

@article{DBLP:journals/corr/JustesenR17,
  author    = {Niels Justesen and
               Sebastian Risi},
  title     = {Learning Macromanagement in StarCraft from Replays using Deep Learning},
  journal   = {CoRR},
  volume    = {abs/1707.03743},
  year      = {2017},
  url       = {http://arxiv.org/abs/1707.03743},
  archivePrefix = {arXiv},
  eprint    = {1707.03743},
  timestamp = {Sat, 05 Aug 2017 14:56:21 +0200},
  biburl    = {http://dblp.org/rec/bib/journals/corr/JustesenR17},
  bibsource = {dblp computer science bibliography, http://dblp.org}
}

@article{DBLP:journals/corr/SynnaeveNACLLRU16,
  author    = {Gabriel Synnaeve and
               Nantas Nardelli and
               Alex Auvolat and
               Soumith Chintala and
               Timoth{\'{e}}e Lacroix and
               Zeming Lin and
               Florian Richoux and
               Nicolas Usunier},
  title     = {TorchCraft: a Library for Machine Learning Research on Real-Time Strategy
               Games},
  journal   = {CoRR},
  volume    = {abs/1611.00625},
  year      = {2016},
  url       = {http://arxiv.org/abs/1611.00625},
  archivePrefix = {arXiv},
  eprint    = {1611.00625},
  timestamp = {Wed, 07 Jun 2017 14:43:11 +0200},
  biburl    = {http://dblp.org/rec/bib/journals/corr/SynnaeveNACLLRU16},
  bibsource = {dblp computer science bibliography, http://dblp.org}
}

@misc{GitHub:torchcraft-py,
  author = {},
  title = {},
  howpublished = "\url{https://github.com/alibaba/torchcraft-py}",
  year = {}, 
  note = ""
}

@misc{GitHub:TorchCraft,
  author = {},
  title = {},
  howpublished = "\url{https://github.com/TorchCraft/TorchCraft}",
  year = {}, 
  note = ""
}

@misc{GitHub:torch,
  author = {},
  title = {},
  howpublished = "\url{http://torch.ch}",
  year = {}, 
  note = ""
}

@misc{GitHub:bwapi,
  author = {},
  title = {},
  howpublished = "\url{https://github.com/bwapi/bwapi}",
  year = {}, 
  note = ""
}